<?xml version="1.0" encoding="UTF-8"?><record xmlns="http://www.loc.gov/MARC21/slim" xmlns:cinclude="http://apache.org/cocoon/include/1.0" xmlns:zs="http://www.loc.gov/zing/srw/">
  <leader>00592nz  a2200157n  4500</leader>
  <controlfield tag="001">no2001012704</controlfield>
  <controlfield tag="003">DLC</controlfield>
  <controlfield tag="005">20010216071032.0</controlfield>
  <controlfield tag="008">010215n| acannaabn          |a aaa     c</controlfield>
  <datafield tag="010" ind1=" " ind2=" ">
    <subfield code="a">no2001012704</subfield>
  </datafield>
  <datafield tag="035" ind1=" " ind2=" ">
    <subfield code="a">(OCoLC)oca05417076</subfield>
  </datafield>
  <datafield tag="040" ind1=" " ind2=" ">
    <subfield code="a">ViBlbV</subfield>
    <subfield code="b">eng</subfield>
    <subfield code="c">ViBlbV</subfield>
  </datafield>
  <datafield tag="100" ind1="1" ind2=" ">
    <subfield code="a">Colvett, John C.,</subfield>
    <subfield code="d">1973-</subfield>
  </datafield>
  <datafield tag="400" ind1="1" ind2=" ">
    <subfield code="a">Colvett, J.</subfield>
    <subfield code="q">(John),</subfield>
    <subfield code="d">1973-</subfield>
  </datafield>
  <datafield tag="670" ind1=" " ind2=" ">
    <subfield code="a">Domestic and international marketing assistance needs of value-added agribusiness in Tennessee, 1999:</subfield>
    <subfield code="b">t.p. (J. Colvett)</subfield>
  </datafield>
  <datafield tag="670" ind1=" " ind2=" ">
    <subfield code="a">OCLC, Feb. 13, 2001</subfield>
    <subfield code="b">(hdgs.: Colvett, John C., 1973- ; Colvett, J.; usages: John C. Colvett, J. Colvett)</subfield>
  </datafield>
</record>